%% biblatex bibliography
@misc{cppreference_ranges,
  title = {Ranges library},
  url = {https://en.cppreference.com/w/cpp/ranges},
  urldate = {2023-10-19}}
